% Add your BibTeX entries here
@article{Robey2013,
  author    = {Robey, Robert and Kolla, Hemanth and Peterson, Jacob and et al.},
  title     = {Mesh Remap on Parallel Architectures Using Hash Algorithms},
  journal   = {Journal of Computational Physics},
  year      = {2013},
  volume    = {250},
  pages     = {220--239}
}

@inproceedings{Alcantara2009,
  author    = {Alcantara, Daniel A. and Sengupta, Shubhabrata and Mitzenmacher, Michael and Owens, John D.},
  title     = {Real-Time Parallel Hashing on the GPU},
  booktitle = {ACM SIGGRAPH},
  year      = {2009}
}

@article{Tumblin2010,
  author    = {Tumblin, Jack and Reinhard, Erik},
  title     = {Compact Hash Tables for Sparse Mesh Processing},
  journal   = {IEEE Transactions on Visualization and Computer Graphics},
  year      = {2010},
  volume    = {16},
  number    = {6},
  pages     = {1315--1322}
}

@article{Vaswani2017,
  author    = {Vaswani, Ashish and Shazeer, Noam and Parmar, Niki and et al.},
  title     = {Attention is All You Need},
  journal   = {Advances in Neural Information Processing Systems (NeurIPS)},
  year      = {2017}
}
