% Add your references here
@article{luo2024hopper,
  title={Benchmarking and Dissecting the Nvidia Hopper GPU Architecture},
  author={Luo, W. and Fan, R. and Li, Z. and Du, D. and Wang, Q. and Chu, X.},
  journal={arXiv preprint arXiv:2402.13499},
  year={2024}
}

@inproceedings{jia2018dissecting,
  title={Dissecting the Nvidia Volta GPU architecture via microbenchmarking},
  author={Jia, Zhe and Maggioni, Mauro and others},
  booktitle={SC18: International Conference for High Performance Computing, Networking, Storage and Analysis},
  pages={1--12},
  year={2018},
  organization={IEEE}
}

@article{sun2020turing,
  title={Analyzing the Turing architecture via microbenchmarking},
  author={Sun, H. and Wang, X. and others},
  journal={IEEE Transactions on Parallel and Distributed Systems},
  volume={31},
  number={12},
  pages={2835--2847},
  year={2020}
}

@misc{nvidia2023te,
  author = {NVIDIA Developer},
  title = {Accelerating AI Workloads with NVIDIA Hopper Architecture},
  howpublished = {\url{https://www.youtube.com/watch?v=yyR0ZoCeBO8}},
  year = {2023},
  note = {YouTube Video}
}
